@online{lindahl_lecture_series,
        title = {Molecular Biophysics Lectures},
        date = {2021},
        author = {Erik Lindahl},
        url = {https://youtube.com/playlist?list=PLuIpgNT2hMwRQKFy4okoNQKiJwM8li3Sz&si=4KwWJAJZdpLjJ-J9},
    }
@online{3b1b_calc,
        title = {Essence of Calculus},
        date = {2017},
        author = {Grant Henderson},
        url = {https://youtube.com/playlist?list=PLZHQObOWTQDMsr9K-rj53DwVRMYO3t5Yr&si=pudOjOFFTqXDUyzf},
    }
@online{3b1b_linalg,
        title = {Essence of Linear Algebra},
        date = {2016},
        author = {Grant Henderson},
        url = {https://youtube.com/playlist?list=PLZHQObOWTQDPD3MizzM2xVFitgF8hE_ab&si=f8CoDHbswzDLVBsn},
    }
@online{ccs_libretext,
    title = {Chemistry - The Central Science},
    author = {Theodore L. Brown},
    url = {https://chem.libretexts.org/Bookshelves/General_Chemistry/Map%3A_Chemistry_-_The_Central_Science_(Brown_et_al.)}
}